% Encoding: UTF-8

@Book{Yosifovich2017,
  author     = {Yosifovich, Pavel and Solomon, David A. and Ionescu, Alex},
  publisher  = {Microsoft Press},
  title      = {Windows Internals, Part 1: System architecture, processes, threads, memory management, and more},
  year       = {2017},
  groups     = {Background},
  ranking    = {rank5},
  readstatus = {read},
}
{-1,
  author = {Tarasov, } and Zadok, Vasily and Erez}},
  title = {

@InProceedings{Sehgal2010,
  author     = {Sehgal, Priya and Tarasov, Vasily and Zadok, Erez},
  booktitle  = {FAST},
  title      = {Evaluating Performance and Energy in File System Server Workloads},
  year       = {2010},
  pages      = {253--266},
  groups     = {Related work},
  ranking    = {rank4},
  readstatus = {skimmed},
}

@InProceedings{Roselli2000,
  author     = {Roselli, Drew S. and Lorch, Jacob R. and Anderson, Thomas E. and others},
  booktitle  = {Proceedings of the 2000 USENIX annual technical conference},
  title      = {A Comparison of File System Workloads},
  year       = {2000},
  pages      = {41--54},
  groups     = {Related work},
  ranking    = {rank2},
  readstatus = {skimmed},
}

@InProceedings{Rajgarhia2010,
  author     = {Rajgarhia, Aditya and Gehani, Ashish},
  booktitle  = {Proceedings of the 2010 ACM Symposium on Applied Computing},
  title      = {Performance and extension of user space file systems},
  year       = {2010},
  pages      = {206--213},
  groups     = {Uncategorized},
  ranking    = {rank2},
  readstatus = {skimmed},
}

@InProceedings{Wright2003,
  author     = {Wright, Charles P. and Dave, Jay and Zadok, Erez},
  booktitle  = {Second IEEE International Security in Storage Workshop},
  title      = {Cryptographic file systems performance: What you don't know can hurt you},
  year       = {2003},
  pages      = {47--47},
  groups     = {Related work},
  ranking    = {rank4},
  readstatus = {skimmed},
}

@Manual{Broz2018,
  title      = {{LUKS2} On-Disk Format Specification Version 1.0.0},
  author     = {Milan Broz},
  note       = {Visited on 2021-07-31},
  year       = {2018},
  groups     = {Background},
  ranking    = {rank5},
  readstatus = {read},
  url        = {https://gitlab.com/cryptsetup/LUKS2-docs/-/raw/861197a9de9cba9cc3231ad15da858c9f88b0252/luks2_doc_wip.pdf},
}

@Manual{Fruwirth2018,
  title      = {{LUKS1} On-Disk Format Specification Version 1.2.3},
  author     = {Clemens Fruwirth},
  note       = {Visited on 2021-07-31},
  year       = {2018},
  groups     = {Background},
  ranking    = {rank4},
  readstatus = {read},
  url        = {https://mirrors.edge.kernel.org/pub/linux/utils/cryptsetup/LUKS_docs/on-disk-format.pdf},
}

@Article{Djordjevic2012,
  author    = {Djordjevic, Borislav and Timcenko, Valentina},
  journal   = {International Journal of Computers},
  title     = {Ext4 file system in linux environment: Features and performance analysis},
  year      = {2012},
  number    = {1},
  pages     = {37--45},
  volume    = {6},
  groups    = {Related work},
  publisher = {Citeseer},
  ranking   = {rank1},
}

@InProceedings{Tuerpe2009,
  author    = {T{\"u}rpe, Sven and Poller, Andreas and Steffan, Jan and Stotz, Jan-Peter and Trukenm{\"u}ller, Jan},
  booktitle = {Proceedings of the 2nd International Conference on Trusted Computing},
  title     = {Attacking the {BitLocker} boot process},
  year      = {2009},
  pages     = {183--196},
  groups    = {Other approaches},
}

@Article{Kornblum2009,
  author    = {Kornblum, Jesse D.},
  journal   = {Digital Investigation},
  title     = {Implementing {BitLocker} drive encryption for forensic analysis},
  year      = {2009},
  number    = {3-4},
  pages     = {75--84},
  volume    = {5},
  groups    = {Other approaches},
  publisher = {Elsevier},
}

@InProceedings{Lewis2018,
  author    = {Lewis, Stephen G. and Palumbo, Timothy},
  booktitle = {Proceedings of the 2018 ACM SIGUCCS Annual Conference},
  title     = {{BitLocker} Full-Disk Encryption: Four Years Later},
  year      = {2018},
  pages     = {147--150},
  groups    = {Other approaches},
}

@InProceedings{Tan2020,
  author    = {Tan, Cheng and Zhang, Lijun and Bao, Liang},
  booktitle = {Proceedings of the 20th {IEEE} International Conference on Communication Technology ({ICCT})},
  title     = {A Deep Exploration of {BitLocker} Encryption and Security Analysis},
  year      = {2020},
  pages     = {1070--1074},
  groups    = {Other approaches},
}

@PhdThesis{Fruhwirth2005,
  author     = {Fruhwirth, Clemens},
  school     = {Vienna University of Technology},
  title      = {New methods in hard disk encryption},
  year       = {2005},
  groups     = {Background},
  ranking    = {rank4},
  readstatus = {skimmed},
}

@InProceedings{Hagl2021,
  author    = {Jakob Hagl and Oliver Mann and Martin Pirker},
  booktitle = {Proceedings of the 7th International Conference on Information Systems Security and Privacy ({ICISSP})},
  title     = {Securing the Linux Boot Process: From Start to Finish},
  year      = {2021},
  pages     = {604--610},
  bibsource = {dblp computer science bibliography, https://dblp.org},
  biburl    = {https://dblp.org/rec/conf/icissp/HaglMP21.bib},
  doi       = {10.5220/0010313906040610},
  groups    = {Uncategorized},
}

@MastersThesis{Polasek2019,
  author  = {Pol{\'a}{\v{s}}ek, Vojt{\v{e}}ch},
  school  = {Masaryk University},
  title   = {Argon2 security margin for disk encryption passwords},
  year    = {2019},
  comment = {Advisor: Milan Bro≈æ},
  groups  = {Uncategorized},
}

@InProceedings{Ruemmler1993,
  author     = {Chris Ruemmler and John Wilkes},
  booktitle  = {Proceedings of the Usenix Winter 1993 Technical Conference},
  title      = {{UNIX} Disk Access Patterns},
  year       = {1993},
  pages      = {405--420},
  bibsource  = {dblp computer science bibliography, https://dblp.org},
  biburl     = {https://dblp.org/rec/conf/usenix/RuemmlerW93.bib},
  groups     = {Related work},
  ranking    = {rank3},
  readstatus = {skimmed},
}

@Book{Roselli1998,
  author     = {Roselli, Drew and Anderson, Thomas E.},
  publisher  = {University of California, Berkeley, Computer Science Division},
  title      = {Characteristics of file system workloads},
  year       = {1998},
  groups     = {Related work},
  ranking    = {rank3},
  readstatus = {skimmed},
}

@Article{Traeger2008,
  author     = {Avishay Traeger and Erez Zadok and Nikolai Joukov and Charles P. Wright},
  journal    = {{ACM} Trans. Storage},
  title      = {A nine year study of file system and storage benchmarking},
  year       = {2008},
  number     = {2},
  pages      = {5:1--5:56},
  volume     = {4},
  bibsource  = {dblp computer science bibliography, https://dblp.org},
  biburl     = {https://dblp.org/rec/journals/tos/TraegerZJW08.bib},
  doi        = {10.1145/1367829.1367831},
  groups     = {Related work},
  ranking    = {rank5},
  readstatus = {skimmed},
}

@Manual{Dmcrypt2020,
  title  = {{dm-crypt}: {Linux} device-mapper crypto target},
  note   = {Visited on 2021-08-06},
  year   = {2020},
  groups = {Background},
  url    = {https://gitlab.com/cryptsetup/cryptsetup/-/wikis/DMCrypt?version_id=ee336a2c1c7ce51d1b09c10472bc777fa1aa18cd},
}

@Book{Ferguson2010,
  author    = {Niels Ferguson and Bruce Schneier and Tadayoshi Kohno},
  publisher = {Wiley},
  title     = {Cryptography Engineering -- Design Principles and Practical Applications},
  year      = {2010},
  groups    = {Background},
}

@TechReport{Fips197,
  author      = {Dworkin, M. and Barker, E. and Nechvatal, J. and Foti, J. and Bassham, L. and Roback, E. and Dray, J.},
  institution = {{National Institute of Standards and Technology}},
  title       = {{Advanced Encryption Standard (AES)}},
  year        = {2001},
  groups      = {Background},
}

@Manual{Ieee2019,
  title        = {{IEEE} Standard for Cryptographic Protection of Data on Block-Oriented Storage Devices},
  organization = {{IEEE Std.} 1619-2018 (Revision of {IEEE Std.} 1619-2007)},
  year         = {2019},
  groups       = {Background},
}

@Manual{Cryptsetup2020,
  title  = {Frequently Asked Questions {Cryptsetup/LUKS}},
  note   = {Visited on 2021-08-10},
  year   = {2020},
  groups = {Background},
  url    = {https://gitlab.com/cryptsetup/cryptsetup/-/wikis/FrequentlyAskedQuestions?version_id=6297db166f8ae73c6a616ba874a12f5d43d37fd9},
}

@Manual{Win32,
  title  = {Programming reference for the {Win32} {API}},
  note   = {Visited on 2021-08-19},
  groups = {Background},
  url    = {https://docs.microsoft.com/en-us/windows/win32/api},
}

@Book{Russinovich2016,
  author    = {Russinovich, Mark E. and Margosis, Aaron},
  publisher = {Microsoft Press},
  title     = {Troubleshooting with the {Windows} {Sysinternals} Tools},
  year      = {2016},
  groups    = {Background},
}

@Manual{Wdk,
  title  = {{API} reference docs for {Windows} {Driver} {Kit} ({WDK})},
  note   = {Visited on 2021-08-19},
  groups = {Background},
  url    = {https://docs.microsoft.com/en-us/windows-hardware/drivers/ddi},
}

@Article{Rodeh2015,
  author    = {Ohad Rodeh and Haim Helman and David D. Chambliss},
  journal   = {{ACM} Trans. Storage},
  title     = {Visualizing Block {IO} Workloads},
  year      = {2015},
  number    = {2},
  pages     = {6:1--6:18},
  volume    = {11},
  bibsource = {dblp computer science bibliography, https://dblp.org},
  biburl    = {https://dblp.org/rec/journals/tos/RodehHC15.bib},
  doi       = {10.1145/2651422},
  groups    = {Related work},
}

@InProceedings{Lochmann2017,
  author    = {Alexander Lochmann and Fabian Bruckner and Olaf Spinczyk},
  booktitle = {Companion Proceedings of the 8th {ACM/SPEC} on International Conference on Performance Engineering ({ICPE})},
  title     = {Reproducible Load Tests for Android Systems with Trace-based Benchmarks},
  year      = {2017},
  pages     = {73--76},
  bibsource = {dblp computer science bibliography, https://dblp.org},
  biburl    = {https://dblp.org/rec/conf/wosp/LochmannBS17.bib},
  doi       = {10.1145/3053600.3053615},
  groups    = {Related work},
}

@InProceedings{Ogihara2019,
  author    = {Kazutaka Ogihara},
  booktitle = {Seventh International Symposium on Computing and Networking Workshops, {CANDAR} 2019 Workshops, Nagasaki, Japan, November 26-29, 2019},
  title     = {Generating Block {IO} Trace Data from a Cloud Site Using Packet Capture and Analyzing the {IO} Trace Data},
  year      = {2019},
  pages     = {455--459},
  bibsource = {dblp computer science bibliography, https://dblp.org},
  biburl    = {https://dblp.org/rec/conf/ic-nc/Ogihara19.bib},
  doi       = {10.1109/CANDARW.2019.00086},
  groups    = {Related work},
}

@InProceedings{Talwadker2013,
  author    = {Rukma Talwadker and Kaladhar Voruganti},
  booktitle = {Proceedings of the 29th {IEEE} Symposium on Mass Storage Systems and Technologies ({MSST})},
  title     = {Paragone: What's next in block {I/O} trace modeling},
  year      = {2013},
  pages     = {1--5},
  bibsource = {dblp computer science bibliography, https://dblp.org},
  biburl    = {https://dblp.org/rec/conf/mss/TalwadkerV13.bib},
  doi       = {10.1109/MSST.2013.6558436},
  groups    = {Related work},
}

@InProceedings{Pereira2013,
  author    = {Thiago Emmanuel Pereira and L{\'{\i}}via M. R. Sampaio and Francisco Vilar Brasileiro},
  booktitle = {Proceedings of the 21st {IEEE} International Symposium on Modelling, Analysis and Simulation of Computer and Telecommunication Systems ({MASCOTS})},
  title     = {On the Accuracy of Trace Replay Methods for File System Evaluation},
  year      = {2013},
  pages     = {380--383},
  bibsource = {dblp computer science bibliography, https://dblp.org},
  biburl    = {https://dblp.org/rec/conf/mascots/PereiraSB13.bib},
  doi       = {10.1109/MASCOTS.2013.56},
  groups    = {Related work},
}

@InProceedings{Kavalanekar2008,
  author    = {Swaroop Kavalanekar and Bruce L. Worthington and Qi Zhang and Vishal Sharda},
  booktitle = {Proceedings of the 4th International Symposium on Workload Characterization {(IISWC})},
  title     = {Characterization of storage workload traces from production Windows Servers},
  year      = {2008},
  pages     = {119--128},
  bibsource = {dblp computer science bibliography, https://dblp.org},
  biburl    = {https://dblp.org/rec/conf/iiswc/KavalanekarWZS08.bib},
  doi       = {10.1109/IISWC.2008.4636097},
  groups    = {Related work},
}

@InProceedings{Riska2006,
  author    = {Alma Riska and Erik Riedel},
  booktitle = {Proceedings of the 2006 {USENIX} Annual Technical Conference},
  title     = {Disk Drive Level Workload Characterization},
  year      = {2006},
  pages     = {97--102},
  bibsource = {dblp computer science bibliography, https://dblp.org},
  biburl    = {https://dblp.org/rec/conf/usenix/RiskaR06.bib},
  groups    = {Related work},
}

@InProceedings{Riska2006a,
  author    = {Alma Riska and Erik Riedel},
  booktitle = {Proceedings of the 3rd International Conference on the Quantitative Evaluation of Systems ({QEST})},
  title     = {Long-Range Dependence at the Disk Drive Level},
  year      = {2006},
  pages     = {41--50},
  bibsource = {dblp computer science bibliography, https://dblp.org},
  biburl    = {https://dblp.org/rec/conf/qest/RiskaR06.bib},
  doi       = {10.1109/QEST.2006.27},
  groups    = {Related work},
}

@InProceedings{Riska2009,
  author    = {Alma Riska and Erik Riedel},
  booktitle = {Proceedings of the 2009 {IEEE} International Symposium on Workload Characterization ({IISWC})},
  title     = {Evaluation of disk-level workloads at different time-scales},
  year      = {2009},
  pages     = {158--167},
  bibsource = {dblp computer science bibliography, https://dblp.org},
  biburl    = {https://dblp.org/rec/conf/iiswc/RiskaR09.bib},
  doi       = {10.1109/IISWC.2009.5306787},
  groups    = {Related work},
}

@Article{Kashyap2018,
  author    = {Anil Kashyap},
  journal   = {{ACM} Trans. Storage},
  title     = {Workload Characterization for Enterprise Disk Drives},
  year      = {2018},
  number    = {2},
  pages     = {19:1--19:15},
  volume    = {14},
  bibsource = {dblp computer science bibliography, https://dblp.org},
  biburl    = {https://dblp.org/rec/journals/tos/Kashyap18.bib},
  doi       = {10.1145/3151847},
  groups    = {Related work},
}

@Article{Seo2014,
  author    = {Bumjoon Seo and Sooyong Kang and Jongmoo Choi and Jaehyuk Cha and Youjip Won and Sungroh Yoon},
  journal   = {{IEEE} Trans. Computers},
  title     = {{IO} Workload Characterization Revisited: {A} Data-Mining Approach},
  year      = {2014},
  number    = {12},
  pages     = {3026--3038},
  volume    = {63},
  bibsource = {dblp computer science bibliography, https://dblp.org},
  biburl    = {https://dblp.org/rec/journals/tc/SeoKCCWY14.bib},
  doi       = {10.1109/TC.2013.187},
  groups    = {Related work},
}

@InProceedings{Gomez2000,
  author    = {Mar{\'{\i}}a Engracia G{\'{o}}mez and Vicente Santonja},
  booktitle = {Proceedings of the 8th International Symposium on Modeling, Analysis and Simulation of Computer and Telecommunication Systems ({MASCOTS})},
  title     = {A New Approach in the Modeling and Generation of Synthetic Disk Workload},
  year      = {2000},
  pages     = {199--206},
  bibsource = {dblp computer science bibliography, https://dblp.org},
  biburl    = {https://dblp.org/rec/conf/mascots/GomezS00.bib},
  doi       = {10.1109/MASCOT.2000.876445},
  groups    = {Related work},
}

@InProceedings{Gomez2000a,
  author    = {Mar{\'{\i}}a Engracia G{\'{o}}mez and Vicente Santonja},
  booktitle = {Proceedings of the 2000 {IEEE} International Symposium on Performance Analysis of Systems and Software ({ISPASS})},
  title     = {A new approach in the analysis and modeling of disk access patterns},
  year      = {2000},
  pages     = {172--177},
  bibsource = {dblp computer science bibliography, https://dblp.org},
  biburl    = {https://dblp.org/rec/conf/ispass/GomezS00.bib},
  doi       = {10.1109/ISPASS.2000.842297},
  groups    = {Related work},
}

@Article{Yadgar2021,
  author    = {Gala Yadgar and Moshe Gabel and Shehbaz Jaffer and Bianca Schroeder},
  journal   = {{ACM} Trans. Storage},
  title     = {{SSD}-based Workload Characteristics and Their Performance Implications},
  year      = {2021},
  number    = {1},
  pages     = {8:1--8:26},
  volume    = {17},
  bibsource = {dblp computer science bibliography, https://dblp.org},
  biburl    = {https://dblp.org/rec/journals/tos/YadgarGJS21.bib},
  doi       = {10.1145/3423137},
  groups    = {Related work},
}

@Article{Vangoor2019,
  author    = {Bharath Kumar Reddy Vangoor and Prafful Agarwal and Manu Mathew and Arun Ramachandran and Swaminathan Sivaraman and Vasily Tarasov and Erez Zadok},
  journal   = {{ACM} Trans. Storage},
  title     = {Performance and Resource Utilization of {FUSE} User-Space File Systems},
  year      = {2019},
  number    = {2},
  pages     = {15:1--15:49},
  volume    = {15},
  bibsource = {dblp computer science bibliography, https://dblp.org},
  biburl    = {https://dblp.org/rec/journals/tos/VangoorAMRSTZ19.bib},
  doi       = {10.1145/3310148},
  groups    = {Uncategorized},
}

@InProceedings{Agrawal2008,
  author    = {Nitin Agrawal and Vijayan Prabhakaran and Ted Wobber and John D. Davis and Mark S. Manasse and Rina Panigrahy},
  booktitle = {Proceedings of the 2008 {USENIX} Annual Technical Conference},
  title     = {Design Tradeoffs for {SSD} Performance},
  year      = {2008},
  pages     = {57--70},
  bibsource = {dblp computer science bibliography, https://dblp.org},
  biburl    = {https://dblp.org/rec/conf/usenix/AgrawalPWDMP08.bib},
  groups    = {Related work},
  url       = {https://www.usenix.org/legacy/event/usenix08/tech/full_papers/agrawal/agrawal.pdf},
}

@InProceedings{Leung2008,
  author    = {Andrew W. Leung and Shankar Pasupathy and Garth R. Goodson and Ethan L. Miller},
  booktitle = {Proceedings of the 2008 {USENIX} Annual Technical Conference},
  title     = {Measurement and Analysis of Large-Scale Network File System Workloads},
  year      = {2008},
  pages     = {213--226},
  bibsource = {dblp computer science bibliography, https://dblp.org},
  biburl    = {https://dblp.org/rec/conf/usenix/LeungPG08.bib},
  groups    = {Related work},
}

@InProceedings{He2017,
  author    = {Jun He and Sudarsun Kannan and Andrea C. Arpaci{-}Dusseau and Remzi H. Arpaci{-}Dusseau},
  booktitle = {Proceedings of the 12th European Conference on Computer Systems ({EuroSys})},
  title     = {The Unwritten Contract of Solid State Drives},
  year      = {2017},
  pages     = {127--144},
  bibsource = {dblp computer science bibliography, https://dblp.org},
  biburl    = {https://dblp.org/rec/conf/eurosys/HeKAA17.bib},
  doi       = {10.1145/3064176.3064187},
  groups    = {Related work},
}

@TechReport{Korchagin2020,
  author      = {Korchagin, Ignat},
  institution = {Cloudflare},
  title       = {Speeding up {Linux} disk encryption},
  year        = {2020},
  note        = {Visited on 2021-08-23},
  groups      = {Other approaches, Related work},
  url         = {https://blog.cloudflare.com/speeding-up-linux-disk-encryption},
}

@InProceedings{Halderman2008,
  author    = {J. Alex Halderman and Seth D. Schoen and Nadia Heninger and William Clarkson and William Paul and Joseph A. Calandrino and Ariel J. Feldman and Jacob Appelbaum and Edward W. Felten},
  booktitle = {Proceedings of the 17th {USENIX} Security Symposium},
  title     = {Lest We Remember: Cold Boot Attacks on Encryption Keys},
  year      = {2008},
  pages     = {45--60},
  bibsource = {dblp computer science bibliography, https://dblp.org},
  biburl    = {https://dblp.org/rec/conf/uss/HaldermanSHCPCFAF08.bib},
  groups    = {Our approach},
}

@Article{Guan2018,
  author    = {Le Guan and Jingqiang Lin and Ziqiang Ma and Bo Luo and Luning Xia and Jiwu Jing},
  journal   = {{IEEE} Trans. Dependable Secur. Comput.},
  title     = {Copker: {A} Cryptographic Engine Against Cold-Boot Attacks},
  year      = {2018},
  number    = {5},
  pages     = {742--754},
  volume    = {15},
  bibsource = {dblp computer science bibliography, https://dblp.org},
  biburl    = {https://dblp.org/rec/journals/tdsc/GuanLMLXJ18.bib},
  doi       = {10.1109/TDSC.2016.2631548},
  groups    = {Our approach},
}

@Article{Li2021,
  author    = {Congwu Li and Le Guan and Jingqiang Lin and Bo Luo and Quanwei Cai and Jiwu Jing and Jing Wang},
  journal   = {{IEEE} Trans. Dependable Secur. Comput.},
  title     = {Mimosa: Protecting Private Keys Against Memory Disclosure Attacks Using Hardware Transactional Memory},
  year      = {2021},
  number    = {3},
  pages     = {1196--1213},
  volume    = {18},
  bibsource = {dblp computer science bibliography, https://dblp.org},
  biburl    = {https://dblp.org/rec/journals/tdsc/LiGLLCJW21.bib},
  doi       = {10.1109/TDSC.2019.2897666},
  groups    = {Our approach},
}

@InProceedings{Simon2018,
  author    = {Laurent Simon and David Chisnall and Ross J. Anderson},
  booktitle = {Proceedings of the 2018 {IEEE} European Symposium on Security and Privacy (EuroS{\&}P)},
  title     = {What You Get is What You {C:} Controlling Side Effects in Mainstream {C} Compilers},
  year      = {2018},
  pages     = {1--15},
  bibsource = {dblp computer science bibliography, https://dblp.org},
  biburl    = {https://dblp.org/rec/conf/eurosp/SimonCA18.bib},
  doi       = {10.1109/EuroSP.2018.00009},
  groups    = {Our approach},
}

@InProceedings{Barker2019,
  author    = {Austen Barker and Staunton Sample and Yash Gupta and Ana McTaggart and Ethan L. Miller and Darrell D. E. Long},
  booktitle = {Proceedings of the 9th USENIX Workshop on Free and Open Communications on the Internet ({FOCI})},
  title     = {Artifice: A Deniable Steganographic File System},
  year      = {2019},
  groups    = {Related work},
}

@Book{Tanenbaum2015,
  author    = {Tanenbaum, Andrew S. and Bos, Herbert},
  publisher = {Pearson},
  title     = {Modern operating systems},
  year      = {2015},
  groups    = {Background},
}

@Manual{Wdf,
  title  = {Documentation for the {Windows} {Driver} {Frameworks} ({WDF})},
  note   = {Visited on 2021-08-25},
  groups = {Background},
  url    = {https://docs.microsoft.com/en-us/windows-hardware/drivers/wdf},
}

@Manual{Linux,
  title  = {The {Linux} {Kernel} 5.13 documentation},
  note   = {Visited on 2021-08-26},
  groups = {Other approaches},
  url    = {https://www.kernel.org/doc/html/v5.13},
}

@Manual{Salzman2007,
  title  = {The {Linux} {Kernel} Module Programming Guide},
  author = {Salzman, Peter Jay and Burian, Michael and Pomerantz, Ori},
  year   = {2007},
  groups = {Other approaches},
  url    = {https://tldp.org/LDP/lkmpg/2.6/lkmpg.pdf},
}

@Book{Corbet2005,
  author    = {Jonathan Corbet and Alessandro Rubini and Greg Kroah{-}Hartman},
  publisher = {O'Reilly},
  title     = {Linux device drivers},
  year      = {2005},
  edition   = {Third},
  groups    = {Other approaches},
}

@Manual{ManCryptsetup,
  title  = {cryptsetup(8) -- {Linux} manual page},
  note   = {Visited on 2021-08-27},
  groups = {Other approaches},
  url    = {https://man7.org/linux/man-pages/man8/cryptsetup.8.html},
}

@Manual{ManKeyrings,
  title  = {keyrings(7) -- {Linux} manual page},
  note   = {Visited on 2021-08-27},
  groups = {Other approaches},
  url    = {https://man7.org/linux/man-pages/man7/keyrings.7.html},
}

@Article{Tsegaye2004,
  author    = {Melekam Tsegaye and Richard Foss},
  journal   = {{ACM} {SIGOPS} Oper. Syst. Rev.},
  title     = {A comparison of the {Linux} and {Windows} device driver architectures},
  year      = {2004},
  number    = {2},
  pages     = {8--33},
  volume    = {38},
  bibsource = {dblp computer science bibliography, https://dblp.org},
  biburl    = {https://dblp.org/rec/journals/sigops/TsegayeF04.bib},
  doi       = {10.1145/991130.991132},
  groups    = {Related work},
}

@InProceedings{Ni2012,
  author    = {Ni, Tao and Yin, Zhongxu and Wei, Qiang and Wang, Qingxian},
  booktitle = {2012 Fourth International Conference on Multimedia Information Networking and Security},
  title     = {High-Coverage Security Testing for {Windows} Kernel Drivers},
  year      = {2012},
  pages     = {905-908},
  groups    = {Related work},
}

@Article{Okolica2011,
  author    = {James S. Okolica and Gilbert L. Peterson},
  journal   = {Comput. Secur.},
  title     = {Windows driver memory analysis: {A} reverse engineering methodology},
  year      = {2011},
  number    = {8},
  pages     = {770--779},
  volume    = {30},
  bibsource = {dblp computer science bibliography, https://dblp.org},
  biburl    = {https://dblp.org/rec/journals/compsec/OkolicaP11.bib},
  doi       = {10.1016/j.cose.2011.08.001},
  groups    = {Related work},
}

@InProceedings{Ball2006,
  author    = {Thomas Ball and Ella Bounimova and Byron Cook and Vladimir Levin and Jakob Lichtenberg and Con McGarvey and Bohus Ondrusek and Sriram K. Rajamani and Abdullah Ustuner},
  booktitle = {Proceedings of the 2nd European Conference on Computer Systems ({EuroSys})},
  title     = {Thorough static analysis of device drivers},
  year      = {2006},
  pages     = {73--85},
  bibsource = {dblp computer science bibliography, https://dblp.org},
  biburl    = {https://dblp.org/rec/conf/eurosys/BallBCLLMORU06.bib},
  doi       = {10.1145/1217935.1217943},
  groups    = {Related work},
}

@InProceedings{Battistoni2008,
  author    = {Roberto Battistoni and Alessandro Di Biagio and Roberto Di Pietro and Matteo Formica and Luigi V. Mancini},
  booktitle = {Proceedings of The 23rd {IFIP} International Information Security Conference},
  title     = {A Live Digital Forensic system for {Windows} networks},
  year      = {2008},
  pages     = {653--667},
  bibsource = {dblp computer science bibliography, https://dblp.org},
  biburl    = {https://dblp.org/rec/conf/sec/BattistoniBPFM08.bib},
  doi       = {10.1007/978-0-387-09699-5\_42},
  groups    = {Related work},
}

@Manual{Sosnowski2016,
  title  = {Bitlocker: {AES-XTS} (new encryption type)},
  author = {Rafal Sosnowski},
  note   = {Visited on 2021-09-01},
  year   = {2016},
  groups = {Other approaches},
  url    = {https://docs.microsoft.com/en-gb/archive/blogs/dubaisec/bitlocker-aes-xts-new-encryption-type},
}

@Manual{Tpm2019,
  title  = {Trusted Platform Module Library Specification, Family ‚Äú2.0‚Äù, Level 00, Revision 01.59},
  author = {{Trusted Computing Group}},
  year   = {2019},
  groups = {Other approaches},
}

@Manual{Veracrypt,
  title  = {{VeraCrypt} Documentation},
  note   = {Visited on 2021-09-04},
  groups = {Other approaches},
  url    = {https://veracrypt.fr/en/Documentation.html},
}

@Manual{Kerneldriver,
  title  = {Kernel-Mode Driver Architecture Design Guide},
  note   = {Visited on 2021-09-07},
  groups = {Our approach},
  url    = {https://docs.microsoft.com/en-us/windows-hardware/drivers/kernel},
}

@Manual{Fltmgr,
  title  = {File systems driver design guide},
  note   = {Visited on 2021-09-05},
  groups = {Our approach},
  url    = {https://docs.microsoft.com/en-us/windows-hardware/drivers/ifs},
}

@Manual{Intelaes,
  title  = {Intel Advanced Encryption Standard Instructions ({AES-NI})},
  author = {Rott, Jeffrey K.},
  note   = {Visited on 2021-09-11},
  year   = {2012},
  groups = {Our approach},
  url    = {https://software.intel.com/content/www/us/en/develop/articles/intel-advanced-encryption-standard-instructions-aes-ni.html},
}

@TechReport{Quarkslab2016,
  author      = {Videau, Marion and B√©drune, Jean{-}Baptiste},
  institution = {Quarkslab},
  title       = {{VeraCrypt} 1.18 Security Assessment},
  year        = {2016},
  groups      = {Other approaches},
}

@TechReport{Fraunhofer2020,
  author      = {Poller, Andreas and Evkan, H√ºlya and Lahr, Norman and Niederhagen, Ruben and Petri, Richard and Roskosch, Philipp and Tr√∂ger, Michael},
  institution = {Fraunhofer Institute for Secure Information Technology},
  title       = {Security Evaluation of {VeraCrypt}},
  year        = {2020},
  groups      = {Other approaches},
}

@Manual{Fio,
  title = {fio {-} {Flexible} {I/O} tester rev. 3.27},
  note  = {Visited on 2021-09-18},
  url   = {https://fio.readthedocs.io/en/latest/fio_doc.html},
}

@Comment{jabref-meta: databaseType:bibtex;}

@Comment{jabref-meta: grouping:
0 AllEntriesGroup:;
1 StaticGroup:Related work\;0\;1\;0x00ff00ff\;\;\;;
1 StaticGroup:Other approaches\;0\;0\;0x0000ffff\;\;\;;
1 StaticGroup:Background\;0\;1\;0xff0000ff\;\;\;;
1 StaticGroup:Uncategorized\;0\;1\;0xffff4dff\;\;\;;
1 StaticGroup:Our approach\;0\;1\;0x1a1a1aff\;\;\;;
}
